<?xml version="1.0" encoding="UTF-8"?><collection xmlns="http://www.loc.gov/MARC21/slim"><record><leader>00396nam--2200133-i-4500</leader><controlfield tag="001">000043949</controlfield><controlfield tag="002">20161230</controlfield><controlfield tag="005">20161230201044</controlfield><controlfield tag="008">060222s1000------------r-----000-0-eng-d</controlfield><datafield ind1=" " ind2=" " tag="080"><subfield code="a">681.3</subfield></datafield><datafield ind1=" " ind2=" " tag="100"><subfield code="a">Thomas,Brian J</subfield></datafield><datafield ind1=" " ind2=" " tag="245"><subfield code="a">The internet for scientists and engineers. onkine tools and resources. 1996 edition</subfield></datafield><datafield ind1=" " ind2=" " tag="260"><subfield code="a">Bellingham, Spie Optical Engineering Press, 1966. 495 P</subfield></datafield><datafield ind1=" " ind2=" " tag="852"><subfield code="a">81171</subfield></datafield></record></collection>